@article{Enigma,
  title   = {A review on mathematical strength and analysis of Enigma},
  author  = {Prasad, Kalika and Kumari, Munesh},
  journal = {arXiv preprint arXiv:2004.09982},
  year    = {2020}
}

@article{C++,
  title     = {The C++ standard library: a tutorial and reference},
  author    = {Josuttis, Nicolai M},
  year      = {2012},
  publisher = {Addison-Wesley}
}

@article{vscode,
  title   = {Visual studio code},
  author  = {Code, Visual Studio},
  journal = {l{\'\i}nea]. Available: https://code. visualstudio. com},
  year    = {2019}
}