@article{C++,
  title     = {The C++ standard library: a tutorial and reference},
  author    = {Josuttis, Nicolai M},
  year      = {2012},
  publisher = {Addison-Wesley}
}

@article{vscode,
  title   = {Visual studio code},
  author  = {Code, Visual Studio},
  journal = {l{\'\i}nea]. Available: https://code. visualstudio. com},
  year    = {2019}
}